% This file was created with Citavi 6.10.0.0

@book{.04112021,
 author = {Verdhan, Vaibhav},
 year = {2020},
 title = {Supervised Learning with Python: Concepts and Practical Implementation Using Python},
 url = {https://learning.oreilly.com/library/view/supervised-learning-with/9781484261569/?ar=},
 urldate = {2021-11-04},
 abstract = {}
}



